@online{voronoj,
    title = {Delaunay háromszögelés (tetraéderekre bontás) - Voronoi sokszögek (poliéderek)},
    url = {http://www.agt.bme.hu/tutor_h/terinfor/t27.htm},
    urldate = {2023-05-15}
}

@article{sdfalgorithmpaper,
    author = {Bálint, Csaba and Valasek, Gábor and Bán, Róbert},
    issn = {1029-1042},
    publisher = {Computer-Aided Design and Applications},
    year = {2022},
    month = {07},
    title = {Exact Signed Distance Function Representation of Polygons}
}

@online{inigoquilez2d,
    title = {Inigo Quilez - 2D distance functions},
    urldate = {2023-05-15},
    url = {https://iquilezles.org/articles/distfunctions2d/}
}

@online{inigoquilezshader,
    title = {Inigo Quilez - Polygon - distance 2D},
    urldate = {2023-05-15},
    url = {https://www.shadertoy.com/view/wdBXRW}
}

@online{falcor,
    title = {NVIDIA - Falcor},
    urldate = {2023-05-15},
    url = {https://developer.nvidia.com/falcor/}
}

@online{imgui,
    title = {ImGui},
    urldate = {2023-05-15},
    url = {https://github.com/ocornut/imgui}
}

@online{slang,
    title = {Shader Slang},
    urldate = {2023-05-15},
    url = {https://github.com/shader-slang/slang}
}

@online{depthtest,
    title = {Khronos - Depth test},
    urldate = {2023-05-15},
    url = {https://www.khronos.org/opengl/wiki/Depth_Test}
}

@online{pixelshader,
    title = {NVIDIA - Pixel shader},
    urldate = {2023-05-15},
    url = {https://www.nvidia.com/en-us/drivers/feature-pixelshader/}
}

@online{vertexshader,
    title = {NVIDIA - Vertex shader},
    urldate = {2023-05-15},
    url = {https://www.nvidia.com/en-us/drivers/feature-vertexshader/}
}

@online{json,
    title = {JSON},
    urldate = {2023-05-15},
    url = {https://www.json.org/json-en.html}
}

@online{rasterization,
    title = {Khronos - Rasterization},
    urldate = {2023-05-15},
    url = {https://www.khronos.org/opengl/wiki/Rasterization}
}

@online{mayaconstructionhistory,
    title = {Autodesk Maya - Construction history},
    urldate = {2023-05-15},
    url = {https://help.autodesk.com/view/MAYAUL/2023/ENU/?guid=GUID-503E227B-EF49-4A78-B3CA-7EAC588017C9}
}

